<record><leader>00000cas a22000007a 4500</leader><controlfield tag="001">11889020</controlfield><controlfield tag="008">850405d18261828ohuwr ne      0    0eng d</controlfield><datafield ind1=" " ind2=" " tag="010"><subfield code="a">sn 85025733 </subfield></datafield><datafield ind1=" " ind2=" " tag="040"><subfield code="a">NPX</subfield><subfield code="b">eng</subfield><subfield code="c">NPX</subfield><subfield code="d">ONP</subfield><subfield code="d">CNW</subfield><subfield code="d">OCL</subfield><subfield code="d">IUL</subfield><subfield code="d">OCLCQ</subfield><subfield code="d">OCLCF</subfield><subfield code="d">OCLCO</subfield></datafield><datafield ind1=" " ind2=" " tag="042"><subfield code="a">msc</subfield></datafield><datafield ind1=" " ind2=" " tag="043"><subfield code="a">n-us-oh</subfield></datafield><datafield ind1="0" ind2=" " tag="130"><subfield code="a">Western tiller (Cincinnati, Ohio : 1826)</subfield></datafield><datafield ind1="1" ind2="4" tag="245"><subfield code="a">The western tiller.</subfield></datafield><datafield ind1=" " ind2=" " tag="260"><subfield code="a">Cincinnati, Ohio :</subfield><subfield code="b">J.W. Gazlay,</subfield><subfield code="c">1826-1828.</subfield></datafield><datafield ind1=" " ind2=" " tag="300"><subfield code="a">v.</subfield></datafield><datafield ind1=" " ind2=" " tag="310"><subfield code="a">Weekly</subfield></datafield><datafield ind1="0" ind2=" " tag="362"><subfield code="a">Vol. 1, no. 1 (Aug. 25, 1826)-v. 2, no. 52 ... 102 (Aug. 22, 1828).</subfield></datafield><datafield ind1=" " ind2=" " tag="580"><subfield code="a">Continued by a periodical with same title: Western tiller.</subfield></datafield><datafield ind1=" " ind2="0" tag="651"><subfield code="a">Cincinnati (Ohio)</subfield><subfield code="v">Newspapers.</subfield></datafield><datafield ind1=" " ind2="7" tag="655"><subfield code="a">Newspapers.</subfield><subfield code="2">fast</subfield><subfield code="0">(OCoLC)fst01423814</subfield></datafield><datafield ind1=" " ind2="7" tag="651"><subfield code="a">Ohio</subfield><subfield code="z">Cincinnati.</subfield><subfield code="2">fast</subfield><subfield code="0">(OCoLC)fst01205142</subfield></datafield><datafield ind1=" " ind2=" " tag="752"><subfield code="a">United States</subfield><subfield code="b">Ohio</subfield><subfield code="c">Hamilton</subfield><subfield code="d">Cincinnati.</subfield></datafield><datafield ind1="1" ind2="0" tag="785"><subfield code="t">Western tiller</subfield><subfield code="w">(OCoLC)8707873</subfield></datafield></record>